@inproceedings{heath2000digital,
    title={The digital database for screening mammography},
    author={Heath, Michael and Bowyer, Kevin and Kopans, Daniel and Moore,
        Richard and Kegelmeyer, P},
    booktitle={Proceedings of the 5th international workshop on digital
        mammography},
    pages={212--218},
    year={2000}
}

@article{sucklingmini,
    title={The mini-MIAS database of mammograms}, % The Mammographic Image Analysis Society Digital Mammogram Database.
    author={Suckling, J and others},
    journal={Mammographic Image Analysis Society-MIAS}, % Excerpta Medica. International Congress Series 1069
    pages={375--378},
    year={1994}
}

@article{mx:cancer,
    title={Detección del cáncer de mama: estado de la mamografía en México},
    author={Brandan María, Villaseñor Yolanda},
    pages={147--162},
    year={2006}
}

@article{ponraj2011survey,
  title={A Survey on the Preprocessing Techniques of Mammogram for the Detection of Breast Cancer},
  author={Ponraj, D Narain and Jenifer, M Evangelin and Poongodi, Dr P and Manoharan, J Samuel},
  journal={Journal of Emerging Trends in Computing and Information Sciences},
  volume={2},
  number={12},
  year={2011}
}
